@PREAMBLE{
 "\providecommand{\noopsort}[1]{}" 
 # "\providecommand{\singleletter}[1]{#1}%" 
}

@article{Abe:2013hdq,
      author         = "Abe, K. and others",
      title          = "{Observation of Electron Neutrino Appearance in a Muon
                        Neutrino Beam}",
      collaboration  = "T2K Collaboration",
      journal        = "Phys.Rev.Lett.",
      volume         = "112",
      pages          = "061802",
      doi            = "10.1103/PhysRevLett.112.061802",
      year           = "2014",
      eprint         = "1311.4750",
      archivePrefix  = "arXiv",
      primaryClass   = "hep-ex",
      SLACcitation   = "%%CITATION = ARXIV:1311.4750;%%",
}

@article{Abe:2011ts,
      author         = "Abe, K. and Abe, T. and Aihara, H. and Fukuda, Y. and
                        Hayato, Y. and others",
      title          = "{Letter of Intent: The Hyper-Kamiokande Experiment ---
                        Detector Design and Physics Potential ---}",
      year           = "2011",
      eprint         = "1109.3262",
      archivePrefix  = "arXiv",
      primaryClass   = "hep-ex",
      SLACcitation   = "%%CITATION = ARXIV:1109.3262;%%",
}

@article{Patterson:2012zs,
      author         = "Patterson, R.B.",
      title          = "{The NOvA Experiment: Status and Outlook}",
      collaboration  = "NOvA Collaboration",
      journal        = "Nucl.Phys.Proc.Suppl.",
      volume         = "235-236",
      pages          = "151-157",
      doi            = "10.1016/j.nuclphysbps.2013.04.005",
      year           = "2013",
      eprint         = "1209.0716",
      archivePrefix  = "arXiv",
      primaryClass   = "hep-ex",
      reportNumber   = "FERMILAB-CONF-12-508-PPD",
      SLACcitation   = "%%CITATION = ARXIV:1209.0716;%%",
}

@article{t2knue,
      author         = "Abe, K. and others",
      title          = "{Indication of Electron Neutrino Appearance from an
                        Accelerator-produced Off-axis Muon Neutrino Beam}",
      journal        = "Phys.Rev.Lett.",
      volume         = "107",
      pages          = "041801",
      year           = "2011"}

@article{Abe:2012av,
      author         = "Abe, K. and others",
      title          = "{The T2K Neutrino Flux Prediction}",
      collaboration  = "T2K Collaboration",
      journal        = "Phys.Rev.",
      volume         = "D87",
      pages          = "012001",
      doi            = "10.1103/PhysRevD.87.012001, 10.1103/PhysRevD.87.019902",
      year           = "2013",
      eprint         = "1211.0469",
      archivePrefix  = "arXiv",
      primaryClass   = "hep-ex",
      SLACcitation   = "%%CITATION = ARXIV:1211.0469;%%",
}

@article{Abe:2014tzr,
      author         = "Abe, K. and others",
      title          = "{Neutrino Oscillation Physics Potential of the T2K
                        Experiment}",
      collaboration  = "T2K Collaboration",
      year           = "2014",
      eprint         = "1409.7469",
      archivePrefix  = "arXiv",
      primaryClass   = "hep-ex",
      SLACcitation   = "%%CITATION = ARXIV:1409.7469;%%",
}
     
@article{Athanassopoulos:1996jb,
      author         = "Athanassopoulos, C. and others",
      title          = "{Evidence for anti-muon-neutrino 
                        anti-electron-neutrino oscillations from the LSND
                        experiment at LAMPF}",
      collaboration  = "LSND Collaboration",
      journal        = "Phys.Rev.Lett.",
      volume         = "77",
      pages          = "3082-3085",
      doi            = "10.1103/PhysRevLett.77.3082",
      year           = "1996",
      eprint         = "nucl-ex/9605003",
      archivePrefix  = "arXiv",
      primaryClass   = "nucl-ex",
      reportNumber   = "LA-UR-96-1582",
      SLACcitation   = "%%CITATION = NUCL-EX/9605003;%%",
}

@article{Aguilar-Arevalo:2013pmq,
      author         = "Aguilar-Arevalo, A.A. and others",
      title          = "{Improved Search for $\bar \nu_\mu \rightarrow \bar
                        \nu_e$ Oscillations in the MiniBooNE Experiment}",
      collaboration  = "MiniBooNE Collaboration",
      journal        = "Phys.Rev.Lett.",
      volume         = "110",
      pages          = "161801",
      doi            = "10.1103/PhysRevLett.110.161801",
      year           = "2013",
      eprint         = "1207.4809",
      archivePrefix  = "arXiv",
      primaryClass   = "hep-ex",
      reportNumber   = "LA-UR-13-21523, FERMILAB-PUB-13-066-AD-E-PPD,
                        arXiv:1303.2588",
      SLACcitation   = "%%CITATION = ARXIV:1207.4809;%%",
}

@article{AguilarArevalo:2008yp,
      author         = "Aguilar-Arevalo, A.A. and others",
      title          = "{The Neutrino Flux prediction at MiniBooNE}",
      collaboration  = "MiniBooNE Collaboration",
      journal        = "Phys.Rev.",
      volume         = "D79",
      pages          = "072002",
      doi            = "10.1103/PhysRevD.79.072002",
      year           = "2009",
      eprint         = "0806.1449",
      archivePrefix  = "arXiv",
      primaryClass   = "hep-ex",
      reportNumber   = "FERMILAB-PUB-08-161-AD-E",
      SLACcitation   = "%%CITATION = ARXIV:0806.1449;%%",
}


@article{Abe:2014iza,
      author         = "Abe, K. and others",
      title          = "{Measurement of the $\nu_\mu$ CCQE cross section on
                        carbon with the ND280 detector at T2K}",
      collaboration  = "T2K Collaboration",
      year           = "2014",
      eprint         = "1411.6264",
      archivePrefix  = "arXiv",
      primaryClass   = "hep-ex",
      SLACcitation   = "%%CITATION = ARXIV:1411.6264;%%",
}

